<?xml version="1.0" encoding="UTF-8"?><record xmlns="http://www.loc.gov/MARC21/slim" xmlns:cinclude="http://apache.org/cocoon/include/1.0" xmlns:zs="http://www.loc.gov/zing/srw/">
  <leader>00780nz  a2200217n  4500</leader>
  <controlfield tag="001">no2015050180</controlfield>
  <controlfield tag="003">DLC</controlfield>
  <controlfield tag="005">20150417073541.0</controlfield>
  <controlfield tag="008">150416n| azannaabn          |n aaa     c</controlfield>
  <datafield tag="010" ind1=" " ind2=" ">
    <subfield code="a">no2015050180</subfield>
  </datafield>
  <datafield tag="035" ind1=" " ind2=" ">
    <subfield code="a">(OCoLC)oca10140608</subfield>
  </datafield>
  <datafield tag="040" ind1=" " ind2=" ">
    <subfield code="a">ICrlF</subfield>
    <subfield code="b">eng</subfield>
    <subfield code="e">rda</subfield>
    <subfield code="c">ICrlF</subfield>
  </datafield>
  <datafield tag="100" ind1="1" ind2=" ">
    <subfield code="a">Heddle, Jennifer</subfield>
  </datafield>
  <datafield tag="370" ind1=" " ind2=" ">
    <subfield code="e">San Francisco Bay Area (Calif.)</subfield>
    <subfield code="f">New York (N.Y.)</subfield>
  </datafield>
  <datafield tag="372" ind1=" " ind2=" ">
    <subfield code="a">Children's literature</subfield>
    <subfield code="a">Editing</subfield>
  </datafield>
  <datafield tag="373" ind1=" " ind2=" ">
    <subfield code="a">Disney Press</subfield>
    <subfield code="a">Lucasfilm Press</subfield>
    <subfield code="a">Lucasfilm, Ltd.</subfield>
  </datafield>
  <datafield tag="374" ind1=" " ind2=" ">
    <subfield code="a">Author</subfield>
    <subfield code="a">Editor</subfield>
  </datafield>
  <datafield tag="375" ind1=" " ind2=" ">
    <subfield code="a">female</subfield>
  </datafield>
  <datafield tag="377" ind1=" " ind2=" ">
    <subfield code="a">eng</subfield>
  </datafield>
  <datafield tag="670" ind1=" " ind2=" ">
    <subfield code="a">Her Star Wars rebels, 2015:</subfield>
    <subfield code="b">t.p. (adapted by Jennifer Heddle; Disney/Lucas Film Press)</subfield>
  </datafield>
  <datafield tag="670" ind1=" " ind2=" ">
    <subfield code="a">Twitter website, Apr. 7, 2015</subfield>
    <subfield code="b">(Jennifer Heddle; senior editor at Lucasfilm/Lucas Books; NYC expat living in CA, SF Bay Area)</subfield>
  </datafield>
</record>